@online{velocidad,
    author = "Isidro Dros",
    title = "Memoria RAM: qué es, por qué es importante",
    url  = "https://www.muycomputer.com/2018/11/04/memoria-ram-que-es-recomendaciones/",
    addendum = "(accessed: 04.11.2018)",
    keywords = "ram,velocidad"
}

@online{ram,
    author = "Significados",
    title = "Significado de Memoria RAM",
    url  = "https://www.significados.com/memoria-ram/",
    addendum = "(accessed: 30.09.2014)",
    keywords = "memoria,virtual"
}

@online{gestion,
    author = "Augusto Salazar.",
    title = "Funcionamiento de la memoria de un computador",
    url  = "https://drive.google.com/file/d/1Tkcx4OslgDa9J8Gof7bOGkG_surhh4J9/view",
    addendum = "(accessed: 03.09.2020)",
    keywords = "memoria,virtual"
}

@online{memoriavirtual,
    author = "Tomás Cabacas",
    title = "Qué es la memoria virtual de Windows y cómo configurarla bien",
    url  = "https://www.muycomputer.com/2016/12/20/la-memoria-virtual-windows-configurarla-bien/",
    addendum = "(accessed: 20.12.2016)",
    keywords = "memoria,virtual"
}

@online{wikipedia,
    author = "",
    title = "Unidad de disco duro",
    url  = "https://es.wikipedia.org/wiki/Unidad_de_disco_duro",
    addendum = "(accessed: 01.09.2016)",
    keywords = "discoduro,memoria"
}